@article{semish2016,
    title={Caracterização das Pesquisas de Acessibilidade Digital depois dos Grandes Desafios da SBC 2006-2016: Uma Revisão Sistemática da Literatura},
    author={Simone I. R. Xavier and Glívia A. R. Barbosa and Raquel O.},
    year={2016},
    note={Sem informações do periódico}
}

@article{proedad2023,
    title={Propostas para o ensino da acessibilidade digital no Departamento de Ciência da Computação da Universidade de Brasília},
    author={Gabriel Teixeira da Silva and Thiago Villa Real Silva},
    year={2023},
    note={Sem informações do periódico}
}